%----------------------------------------------%
%----  Generally on software product lines ----%
%----------------------------------------------%
@article{DBLP:journals/software/Northrop02,
  author    = {Linda M. Northrop},
  title     = {SEI's Software Product Line Tenets},
  journal   = {{IEEE} Softw.},
  volume    = {19},
  number    = {4},
  pages     = {32--40},
  year      = {2002},
  url       = {https://doi.org/10.1109/MS.2002.1020285},
  doi       = {10.1109/MS.2002.1020285},
  timestamp = {Mon, 08 Jun 2020 22:31:00 +0200},
  biburl    = {https://dblp.org/rec/journals/software/Northrop02.bib},
  bibsource = {dblp computer science bibliography, https://dblp.org}
}

@book{book:introduction-to-spl,
  author    = {Klaus Pohl and
               G{\"{u}}nter B{\"{o}}ckle and
               Frank van der Linden},
  title     = {Software Product Line Engineering - Foundations, Principles, and Techniques},
  publisher = {Springer},
  year      = {2005},
  url       = {https://doi.org/10.1007/3-540-28901-1},
  doi       = {10.1007/3-540-28901-1},
  isbn      = {978-3-540-24372-4},
  timestamp = {Tue, 16 May 2017 14:01:33 +0200},
  biburl    = {https://dblp.org/rec/books/daglib/0015277.bib},
  bibsource = {dblp computer science bibliography, https://dblp.org}
}

%-----------------------------------%
%--- Generally on feature models ---%
%-----------------------------------%

@inproceedings{art:EvoFM,
  author    = {Mathias Schubanz and
               Andreas Pleuss and
               Ligaj Pradhan and
               Goetz Botterweck and
               Anil Kumar Thurimella},
  editor    = {Stefania Gnesi and
               Philippe Collet and
               Klaus Schmid},
  title     = {Model-driven planning and monitoring of long-term software product
               line evolution},
  booktitle = {The Seventh International Workshop on Variability Modelling of Software-intensive
               Systems, VaMoS '13, Pisa , Italy, January 23 - 25, 2013},
  pages     = {18:1--18:5},
  publisher = {{ACM}},
  year      = {2013},
  url       = {https://doi.org/10.1145/2430502.2430527},
  doi       = {10.1145/2430502.2430527},
  timestamp = {Tue, 06 Nov 2018 16:58:56 +0100},
  biburl    = {https://dblp.org/rec/conf/vamos/SchubanzPPBT13.bib},
  bibsource = {dblp computer science bibliography, https://dblp.org}
}

@inproceedings{art:formal-semantics-and-verification-for-feature-modeling,
  author    = {Jing Sun and
               Hongyu Zhang and
               Yuan{-}Fang Li and
               Hai H. Wang},
  title     = {Formal Semantics and Verification for Feature Modeling},
  booktitle = {10th International Conference on Engineering of Complex Computer Systems
               {(ICECCS} 2005), 16-20 June 2005, Shanghai, China},
  pages     = {303--312},
  publisher = {{IEEE} Computer Society},
  year      = {2005},
  url       = {https://doi.org/10.1109/ICECCS.2005.48},
  doi       = {10.1109/ICECCS.2005.48},
  timestamp = {Wed, 16 Oct 2019 14:14:51 +0200},
  biburl    = {https://dblp.org/rec/conf/iceccs/SunZLW05.bib},
  bibsource = {dblp computer science bibliography, https://dblp.org}
}

@inproceedings{art:consistency-preserving-evolution-planning,
  author    = {Adrian Hoff and
               Michael Nieke and
               Christoph Seidl and
               Eirik Halvard S{\ae}ther and
               Ida Sandberg Motzfeldt and
               Crystal Chang Din and
               Ingrid Chieh Yu and
               Ina Schaefer},
  editor    = {Roberto Erick Lopez{-}Herrejon},
  title     = {Consistency-preserving evolution planning on feature models},
  booktitle = {{SPLC} '20: 24th {ACM} International Systems and Software Product
               Line Conference, Montreal, Quebec, Canada, October 19-23, 2020, Volume
               {A}},
  pages     = {8:1--8:12},
  publisher = {{ACM}},
  year      = {2020},
  url       = {https://doi.org/10.1145/3382025.3414964},
  doi       = {10.1145/3382025.3414964},
  timestamp = {Tue, 29 Dec 2020 18:30:47 +0100},
  biburl    = {https://dblp.org/rec/conf/splc/HoffN0SMDYS20.bib},
  bibsource = {dblp computer science bibliography, https://dblp.org}
}

@inproceedings{art:feature-model-differences,
  author    = {Mathieu Acher and
               Patrick Heymans and
               Philippe Collet and
               Cl{\'{e}}ment Quinton and
               Philippe Lahire and
               Philippe Merle},
  editor    = {Jolita Ralyt{\'{e}} and
               Xavier Franch and
               Sjaak Brinkkemper and
               Stanislaw Wrycza},
  title     = {Feature Model Differences},
  booktitle = {Advanced Information Systems Engineering - 24th International Conference,
               CAiSE 2012, Gdansk, Poland, June 25-29, 2012. Proceedings},
  series    = {Lecture Notes in Computer Science},
  volume    = {7328},
  pages     = {629--645},
  publisher = {Springer},
  year      = {2012},
  url       = {https://doi.org/10.1007/978-3-642-31095-9\_41},
  doi       = {10.1007/978-3-642-31095-9\_41},
  timestamp = {Tue, 14 May 2019 10:00:36 +0200},
  biburl    = {https://dblp.org/rec/conf/caise/AcherHCQLM12.bib},
  bibsource = {dblp computer science bibliography, https://dblp.org}
}

@inproceedings{art:feature-models-grammars-and-propositional-formulas,
  author    = {Don S. Batory},
  editor    = {J. Henk Obbink and
               Klaus Pohl},
  title     = {Feature Models, Grammars, and Propositional Formulas},
  booktitle = {Software Product Lines, 9th International Conference, {SPLC} 2005,
               Rennes, France, September 26-29, 2005, Proceedings},
  series    = {Lecture Notes in Computer Science},
  volume    = {3714},
  pages     = {7--20},
  publisher = {Springer},
  year      = {2005},
  url       = {https://doi.org/10.1007/11554844\_3},
  doi       = {10.1007/11554844\_3},
  timestamp = {Tue, 14 May 2019 10:00:47 +0200},
  biburl    = {https://dblp.org/rec/conf/splc/Batory05.bib},
  bibsource = {dblp computer science bibliography, https://dblp.org}
}

@article{art:variability-management-with-feature-models,
  author    = {Danilo Beuche and
               Holger Papajewski and
               Wolfgang Schr{\"{o}}der{-}Preikschat},
  title     = {Variability management with feature models},
  journal   = {Sci. Comput. Program.},
  volume    = {53},
  number    = {3},
  pages     = {333--352},
  year      = {2004},
  url       = {https://doi.org/10.1016/j.scico.2003.04.005},
  doi       = {10.1016/j.scico.2003.04.005},
  timestamp = {Wed, 17 Feb 2021 21:56:08 +0100},
  biburl    = {https://dblp.org/rec/journals/scp/BeuchePS04.bib},
  bibsource = {dblp computer science bibliography, https://dblp.org}
}

%--------------------------%
%--- Evolution planning ---%
%--------------------------%

@inproceedings{art:evofm-feature-driven-planning-of-product-line-evolution,
  author    = {Goetz Botterweck and
               Andreas Pleuss and
               Deepak Dhungana and
               Andreas Polzer and
               Stefan Kowalewski},
  editor    = {Julia Rubin and
               Goetz Botterweck and
               Mira Mezini and
               Itay Maman and
               Andreas Pleuss},
  title     = {EvoFM: feature-driven planning of product-line evolution},
  booktitle = {Proceedings of the 2010 {ICSE} Workshop on Product Line Approaches
               in Software Engineering, {PLEASE} 2010, Cape Town, South Africa, May
               2, 2010},
  pages     = {24--31},
  publisher = {{ACM}},
  year      = {2010},
  url       = {https://doi.org/10.1145/1808937.1808941},
  doi       = {10.1145/1808937.1808941},
  timestamp = {Tue, 06 Nov 2018 11:06:55 +0100},
  biburl    = {https://dblp.org/rec/conf/icse/BotterweckPDPK10.bib},
  bibsource = {dblp computer science bibliography, https://dblp.org}
}

@article{art:context-aware-reconfiguration-in-evolving-software-product-lines,
  author    = {Jacopo Mauro and
               Michael Nieke and
               Christoph Seidl and
               Ingrid Chieh Yu},
  title     = {Context-aware reconfiguration in evolving software product lines},
  journal   = {Sci. Comput. Program.},
  volume    = {163},
  pages     = {139--159},
  year      = {2018},
  url       = {https://doi.org/10.1016/j.scico.2018.05.002},
  doi       = {10.1016/j.scico.2018.05.002},
  timestamp = {Wed, 25 Mar 2020 12:22:51 +0100},
  biburl    = {https://dblp.org/rec/journals/scp/MauroNSY18.bib},
  bibsource = {dblp computer science bibliography, https://dblp.org}
}

@inproceedings{art:darwinspl-an-integrated-tool-suite-for-modeling-evolving-context-aware-software-product-lines,
  author    = {Michael Nieke and
               Gil Engel and
               Christoph Seidl},
  editor    = {Maurice H. ter Beek and
               Norbert Siegmund and
               Ina Schaefer},
  title     = {DarwinSPL: an integrated tool suite for modeling evolving context-aware
               software product lines},
  booktitle = {Proceedings of the Eleventh International Workshop on Variability
               Modelling of Software-intensive Systems, VaMoS 2017, Eindhoven, Netherlands,
               February 1-3, 2017},
  pages     = {92--99},
  publisher = {{ACM}},
  year      = {2017},
  url       = {https://doi.org/10.1145/3023956.3023962},
  doi       = {10.1145/3023956.3023962},
  timestamp = {Wed, 25 Mar 2020 12:22:51 +0100},
  biburl    = {https://dblp.org/rec/conf/vamos/NiekeES17.bib},
  bibsource = {dblp computer science bibliography, https://dblp.org}
}

@inproceedings{art:anomaly-detection-and-explanation-in-context-aware-software-product-lines,
  author    = {Jacopo Mauro and
               Michael Nieke and
               Christoph Seidl and
               Ingrid Chieh Yu},
  editor    = {Maurice H. ter Beek and
               Walter Cazzola and
               Oscar D{\'{i}}az and
               Marcello La Rosa and
               Roberto E. Lopez{-}Herrejon and
               Thomas Th{\"{u}}m and
               Javier Troya and
               Antonio Ruiz Cort{\'{e}}s and
               David Benavides},
  title     = {Anomaly Detection and Explanation in Context-Aware Software Product
               Lines},
  booktitle = {Proceedings of the 21st International Systems and Software Product
               Line Conference, {SPLC} 2017, Volume B, Sevilla, Spain, September
               25-29, 2017},
  pages     = {18--21},
  publisher = {{ACM}},
  year      = {2017},
  url       = {https://doi.org/10.1145/3109729.3109752},
  doi       = {10.1145/3109729.3109752},
  timestamp = {Wed, 28 Oct 2020 08:39:41 +0100},
  biburl    = {https://dblp.org/rec/conf/splc/MauroNSY17.bib},
  bibsource = {dblp computer science bibliography, https://dblp.org}
}


%---------------------%
%-- Static analysis --%
%---------------------%

@article{art:static-analysis-for-security,
  author    = {Brian Chess and
               Gary McGraw},
  title     = {Static Analysis for Security},
  journal   = {{IEEE} Secur. Priv.},
  volume    = {2},
  number    = {6},
  pages     = {76--79},
  year      = {2004},
  url       = {https://doi.org/10.1109/MSP.2004.111},
  doi       = {10.1109/MSP.2004.111},
  timestamp = {Sun, 15 Mar 2020 19:46:13 +0100},
  biburl    = {https://dblp.org/rec/journals/ieeesp/ChessM04.bib},
  bibsource = {dblp computer science bibliography, https://dblp.org}
}


@book{book:principles-of-program-analysis,
  author    = {Flemming Nielson and
               Hanne Riis Nielson and
               Chris Hankin},
  title     = {Principles of program analysis},
  publisher = {Springer},
  year      = {1999},
  url       = {https://doi.org/10.1007/978-3-662-03811-6},
  doi       = {10.1007/978-3-662-03811-6},
  isbn      = {978-3-540-65410-0},
  timestamp = {Tue, 16 May 2017 14:01:34 +0200},
  biburl    = {https://dblp.org/rec/books/daglib/0098888.bib},
  bibsource = {dblp computer science bibliography, https://dblp.org}
}

@inproceedings{article:syntax-driven-program-verification,
  author    = {Domenico Bianculli and
               Antonio Filieri and
               Carlo Ghezzi and
               Dino Mandrioli and
               Alessandro Maria Rizzi},
  editor    = {Stefania Gnesi and
               Nico Plat},
  title     = {Syntax-Driven Program Verification of Matching Logic Properties},
  booktitle = {3rd {IEEE/ACM} {FME} Workshop on Formal Methods in Software Engineering,
               FormaliSE 2015, Florence, Italy, May 18, 2015},
  pages     = {68--74},
  publisher = {{IEEE} Computer Society},
  year      = {2015},
  url       = {https://doi.org/10.1109/FormaliSE.2015.18},
  doi       = {10.1109/FormaliSE.2015.18},
  timestamp = {Wed, 16 Oct 2019 14:14:49 +0200},
  biburl    = {https://dblp.org/rec/conf/icse/BianculliFGMR15.bib},
  bibsource = {dblp computer science bibliography, https://dblp.org}
}

@INPROCEEDINGS{art:syntax-driven-manurung,
  author={ {Latifaah} and R. {Manurung}},
  booktitle={2012 International Conference on Advanced Computer Science and Information Systems (ICACSIS)},
  title={Syntax-driven semantic analysis for constructing use case diagrams from software requirement specifications in Indonesian},
  year={2012},
  volume={},
  number={},
  pages={149-154},
}

@inproceedings{art:inc-syntactic-semantic,
  author    = {Domenico Bianculli and
               Antonio Filieri and
               Carlo Ghezzi and
               Dino Mandrioli},
  editor    = {Tiziana Margaria and
               Bernhard Steffen},
  title     = {Incremental Syntactic-Semantic Reliability Analysis of Evolving Structured
               Workflows},
  booktitle = {Leveraging Applications of Formal Methods, Verification and Validation.
               Technologies for Mastering Change - 6th International Symposium, ISoLA
               2014, Imperial, Corfu, Greece, October 8-11, 2014, Proceedings, Part
               {I}},
  series    = {Lecture Notes in Computer Science},
  volume    = {8802},
  pages     = {41--55},
  publisher = {Springer},
  year      = {2014},
  url       = {https://doi.org/10.1007/978-3-662-45234-9\_4},
  doi       = {10.1007/978-3-662-45234-9\_4},
  timestamp = {Sun, 02 Jun 2019 21:11:27 +0200},
  biburl    = {https://dblp.org/rec/conf/isola/BianculliFGM14.bib},
  bibsource = {dblp computer science bibliography, https://dblp.org}
}

@article{art:a-survey-on-automated-dynamic-malware-analysis-techniques-and-tools,
  author    = {Manuel Egele and
               Theodoor Scholte and
               Engin Kirda and
               Christopher Kruegel},
  title     = {A survey on automated dynamic malware-analysis techniques and tools},
  journal   = {{ACM} Comput. Surv.},
  volume    = {44},
  number    = {2},
  pages     = {6:1--6:42},
  year      = {2012},
  url       = {https://doi.org/10.1145/2089125.2089126},
  doi       = {10.1145/2089125.2089126},
  timestamp = {Tue, 06 Nov 2018 12:50:49 +0100},
  biburl    = {https://dblp.org/rec/journals/csur/EgeleSKK12.bib},
  bibsource = {dblp computer science bibliography, https://dblp.org}
}

@article{art:industrial-perspective-on-static-analysis,
  author    = {Brian A. Wichmann and
               A. A. Canning and
               D. L. Clutterbuck and
               L. A. Winsborrow and
               N. J. Ward and
               D. William R. Marsh},
  title     = {Industrial perspective on static analysis},
  journal   = {Softw. Eng. J.},
  volume    = {10},
  number    = {2},
  pages     = {69--75},
  year      = {1995},
  url       = {https://doi.org/10.1049/sej.1995.0010},
  doi       = {10.1049/sej.1995.0010},
  timestamp = {Fri, 17 Jul 2020 09:01:06 +0200},
  biburl    = {https://dblp.org/rec/journals/iee/WichmannCCWWM95.bib},
  bibsource = {dblp computer science bibliography, https://dblp.org}
}

@inproceedings{art:a-survey-on-static-analysis-and-model-checking,
  author    = {Iv{\'{a}}n Garc{\'{i}}a{-}Ferreira and
               Carlos Laorden and
               Igor Santos and
               Pablo Garc{\'{i}}a Bringas},
  editor    = {Jos{\'{e}} Gaviria de la Puerta and
               Iv{\'{a}}n Garc{\'{i}}a{-}Ferreira and
               Pablo Garc{\'{i}}a Bringas and
               Fanny Klett and
               Ajith Abraham and
               Andr{\'{e}} C. P. L. F. de Carvalho and
               {\'{A}}lvaro Herrero and
               Bruno Baruque and
               H{\'{e}}ctor Quinti{\'{a}}n and
               Emilio Corchado},
  title     = {A Survey on Static Analysis and Model Checking},
  booktitle = {International Joint Conference SOCO'14-CISIS'14-ICEUTE'14 - Bilbao,
               Spain, June 25th-27th, 2014, Proceedings},
  series    = {Advances in Intelligent Systems and Computing},
  volume    = {299},
  pages     = {443--452},
  publisher = {Springer},
  year      = {2014},
  url       = {https://doi.org/10.1007/978-3-319-07995-0\_44},
  doi       = {10.1007/978-3-319-07995-0\_44},
  timestamp = {Mon, 05 Jun 2017 12:39:36 +0200},
  biburl    = {https://dblp.org/rec/conf/softcomp/Garcia-Ferreira14.bib},
  bibsource = {dblp computer science bibliography, https://dblp.org}
}
