@incollection{Knuth:2007:CPA:1283920.1283929,
 author = {Knuth, Donald E.},
 chapter = {Computer Programming As an Art},
 title = {ACM Turing Award Lectures},
 year = {2007},
 isbn = {978-1-4503-1049-9},
 articleno = {1974},
 url = {http://doi.acm.org/10.1145/1283920.1283929},
 doi = {10.1145/1283920.1283929},
 acmid = {1283929},
 publisher = {ACM},
 address = {New York, NY, USA},
 keywords = {standards},
}
@book{book:principles-of-program-analysis,
  author    = {Flemming Nielson and
               Hanne Riis Nielson and
               Chris Hankin},
  title     = {Principles of program analysis},
  publisher = {Springer},
  year      = {1999},
  url       = {https://doi.org/10.1007/978-3-662-03811-6},
  doi       = {10.1007/978-3-662-03811-6},
  isbn      = {978-3-540-65410-0},
  timestamp = {Tue, 16 May 2017 14:01:34 +0200},
  biburl    = {https://dblp.org/rec/books/daglib/0098888.bib},
  bibsource = {dblp computer science bibliography, https://dblp.org}
}

@inproceedings{article:syntax-driven-program-verification,
  author    = {Domenico Bianculli and
               Antonio Filieri and
               Carlo Ghezzi and
               Dino Mandrioli and
               Alessandro Maria Rizzi},
  editor    = {Stefania Gnesi and
               Nico Plat},
  title     = {Syntax-Driven Program Verification of Matching Logic Properties},
  booktitle = {3rd {IEEE/ACM} {FME} Workshop on Formal Methods in Software Engineering,
               FormaliSE 2015, Florence, Italy, May 18, 2015},
  pages     = {68--74},
  publisher = {{IEEE} Computer Society},
  year      = {2015},
  url       = {https://doi.org/10.1109/FormaliSE.2015.18},
  doi       = {10.1109/FormaliSE.2015.18},
  timestamp = {Wed, 16 Oct 2019 14:14:49 +0200},
  biburl    = {https://dblp.org/rec/conf/icse/BianculliFGMR15.bib},
  bibsource = {dblp computer science bibliography, https://dblp.org}
}

@inproceedings{art:EvoFM,
  author    = {Mathias Schubanz and
               Andreas Pleuss and
               Ligaj Pradhan and
               Goetz Botterweck and
               Anil Kumar Thurimella},
  editor    = {Stefania Gnesi and
               Philippe Collet and
               Klaus Schmid},
  title     = {Model-driven planning and monitoring of long-term software product
               line evolution},
  booktitle = {The Seventh International Workshop on Variability Modelling of Software-intensive
               Systems, VaMoS '13, Pisa , Italy, January 23 - 25, 2013},
  pages     = {18:1--18:5},
  publisher = {{ACM}},
  year      = {2013},
  url       = {https://doi.org/10.1145/2430502.2430527},
  doi       = {10.1145/2430502.2430527},
  timestamp = {Tue, 06 Nov 2018 16:58:56 +0100},
  biburl    = {https://dblp.org/rec/conf/vamos/SchubanzPPBT13.bib},
  bibsource = {dblp computer science bibliography, https://dblp.org}
}

@INPROCEEDINGS{art:syntax-driven-manurung,
  author={ {Latifaah} and R. {Manurung}},
  booktitle={2012 International Conference on Advanced Computer Science and Information Systems (ICACSIS)},
  title={Syntax-driven semantic analysis for constructing use case diagrams from software requirement specifications in Indonesian},
  year={2012},
  volume={},
  number={},
  pages={149-154},
}

@inproceedings{art:inc-syntactic-semantic,
  author    = {Domenico Bianculli and
               Antonio Filieri and
               Carlo Ghezzi and
               Dino Mandrioli},
  editor    = {Tiziana Margaria and
               Bernhard Steffen},
  title     = {Incremental Syntactic-Semantic Reliability Analysis of Evolving Structured
               Workflows},
  booktitle = {Leveraging Applications of Formal Methods, Verification and Validation.
               Technologies for Mastering Change - 6th International Symposium, ISoLA
               2014, Imperial, Corfu, Greece, October 8-11, 2014, Proceedings, Part
               {I}},
  series    = {Lecture Notes in Computer Science},
  volume    = {8802},
  pages     = {41--55},
  publisher = {Springer},
  year      = {2014},
  url       = {https://doi.org/10.1007/978-3-662-45234-9\_4},
  doi       = {10.1007/978-3-662-45234-9\_4},
  timestamp = {Sun, 02 Jun 2019 21:11:27 +0200},
  biburl    = {https://dblp.org/rec/conf/isola/BianculliFGM14.bib},
  bibsource = {dblp computer science bibliography, https://dblp.org}
}

@inproceedings{art:consistency-preserving-evolution-planning,
  author    = {Ida Sandberg Motzfeldt and
               Adrian Hoff and
               Michael Nieke and
               Christoph Seidl and
               Eirik Halvard S{\ae}ther and
               Crystal Chang Din and
               Ingrid Chieh Yu and
               Ina Schaefer},
  editor    = {Roberto Erick Lopez{-}Herrejon},
  title     = {Consistency-preserving evolution planning on feature models},
  booktitle = {{SPLC} '20: 24th {ACM} International Systems and Software Product
               Line Conference, Montreal, Quebec, Canada, October 19-23, 2020, Volume
               {A}},
  pages     = {8:1--8:12},
  publisher = {{ACM}},
  year      = {2020},
  url       = {https://doi.org/10.1145/3382025.3414964},
  doi       = {10.1145/3382025.3414964},
  timestamp = {Tue, 29 Dec 2020 18:30:47 +0100},
  biburl    = {https://dblp.org/rec/conf/splc/HoffN0SMDYS20.bib},
  bibsource = {dblp computer science bibliography, https://dblp.org}
}
